2962 4890
132 300 167 370 vi
632 297 841 391 Praefatae.

122 494 169 556 eis
194 494 319 577 aliquid
346 494 555 577 scripserunt,
581 505 760 576 percenset.
807 493 1002 558 Notandum
1029 501 1089 570 est,
1114 494 1204 577 quod
1235 494 1359 559 Missa·

123 627 203 690 lium
242 629 357 692 litteris
401 628 527 692 Italicis
559 638 770 692 exaratorum
805 627 932 691 nullum
967 627 1141 710 exemplar
1174 627 1242 691 vidi
1256 648 1264 705 ;
1311 648 1358 692 ex

124 761 235 824 multis
262 763 334 825 aliis
359 782 461 826 unum
494 771 635 839 tantum,
661 772 695 826 ct
721 763 784 825 hoc
814 762 926 827 multis
957 762 1037 825 locis
1063 782 1162 845 saepe
1189 782 1359 828 mancum.

165 976 260 1060 Opus
290 981 322 1042 in
353 979 436 1044 duas
466 980 658 1044 distinctum
690 989 740 1045 est
770 981 951 1045 sectiones:
991 981 1097 1062 prima
1128 979 1357 1045 Ecclesiarum

121 1113 360 1177 cathedralium
384 1124 417 1179 et
444 1115 703 1198 collegiatarum,
730 1117 875 1180 secunda
901 1136 979 1179 vero
1006 1114 1172 1181 Ordinum
1198 1113 1357 1197 regulari·

121 1266 178 1310 um
231 1247 385 1312 Missales
427 1249 526 1312 libros
570 1250 808 1333 complectitur.
856 1249 896 1313 In
937 1251 1045 1333 prima
1089 1249 1235 1313 sectione
1280 1248 1356 1313 libri

122 1384 303 1447 secundum
328 1383 493 1447 Eeclesias
515 1386 630 1449 ordine
651 1386 862 1468 alphabetico
880 1386 1047 1451 distributi
1070 1392 1265 1468 comparent
1287 1403 1357 1449 una

122 1502 208 1580 cum
239 1518 429 1584 Missalibus
473 1521 515 1583 ad
562 1540 657 1584 usum
699 1521 930 1586 Itinerantium
975 1529 1009 1586 et
1058 1540 1134 1585 cum
1181 1521 1229 1584 eis
1267 1539 1356 1602 quae

122 1653 342 1735 “Specialia”
367 1655 530 1720 dicuntur.
590 1655 630 1718 In
657 1657 803 1720 secunda
828 1676 914 1734 vero,
945 1656 1018 1720 libri
1048 1656 1091 1719 ad
1118 1673 1214 1718 usum
1245 1655 1356 1737 primo

122 1786 365 1853 Canonicorum
397 1791 603 1874 regularium,
638 1792 759 1855 deinde
796 1792 1048 1868 Monachorum,
1077 1791 1175 1854 tertio
1200 1790 1354 1854 Fratrum

123 1923 393 2001 mendicantium,
437 1935 470 1988 et
521 1935 691 2008 postremo
739 1925 889 1989 Missalia
944 1926 1109 1991 Ordinum
1162 1924 1354 1987 militarium

123 2052 314 2121 reseruntur.
360 2056 501 2132 Indices,
526 2057 721 2139 prolixiores
746 2057 892 2140 quidem,
920 2074 1052 2119 summa
1075 2074 1153 2119 eura
1176 2054 1355 2132 consectas,

123 2188 245 2253 addidi.

166 2396 241 2460 Deo
270 2406 445 2474 annuente,
475 2395 559 2461 infra
587 2399 732 2480 spatium
770 2397 848 2462 anni
885 2397 1074 2480 catalogum
1112 2396 1353 2461 Breviariorum

122 2532 279 2597 iamiam
307 2553 392 2616 pene
416 2534 606 2599 absolutum
636 2534 749 2616 praelo
773 2532 954 2597 subiiciam.
1000 2531 1145 2596 Plurima
1176 2531 1354 2596 Ordinaria

122 2675 156 2729 et
187 2664 306 2731 Officia
335 2669 477 2751 propria,
500 2688 539 2732 ac
564 2667 687 2731 multos
718 2667 818 2731 libros
844 2666 995 2732 Ritualcs
1024 2675 1058 2731 et
1085 2665 1355 2732 Caeremoniales

122 2802 307 2884 recognovi,
333 2822 474 2885 quorum
501 2802 674 2886 catalogus
700 2803 733 2865 in
760 2801 890 2866 duobus
915 2800 1140 2865 voluminibus
1159 2800 1317 2883 prodibit

166 3013 216 3078 Ut
252 3014 388 3077 demum
434 3013 497 3076 hoc
541 3033 626 3095 opus
670 3012 752 3076 alios
796 3031 897 3095 quam
937 3012 1096 3094 plurimos
1140 3010 1266 3076 excitet
1309 3010 1352 3075 ad

121 3147 364 3231 inquirendum,
394 3148 507 3224 imme,
539 3148 583 3211 ad
627 3146 850 3229 colligendum
888 3156 922 3210 et
959 3145 1212 3210 describendum
1252 3146 1353 3210 libros

121 3281 291 3364 liturgicos
332 3301 374 3345 ne
412 3283 548 3345 tandem
588 3282 720 3363 penitus
746 3280 899 3362 perirent,
937 3278 991 3342 hic
1040 3278 1115 3343 finis
1155 3278 1236 3342 mihi
1277 3242 1374 3361 pro-¹

120 3416 258 3498 positus,
284 3417 347 3480 hoc
373 3416 507 3481 unicum
532 3415 741 3492 desiderium,
756 3422 790 3478 et
814 3414 964 3478 laborum
988 3433 1065 3477 vera
1087 3424 1121 3477 et
1143 3413 1353 3495 optatissima

121 3569 250 3614 corona.

165 3762 282 3826 Unum
324 3760 404 3824 mihi
438 3766 596 3842 superest,
626 3768 660 3822 et
697 3759 758 3822 hoc
785 3757 1035 3840 periucundum.
1081 3755 1247 3821 Omnibus
1282 3754 1353 3821 sive

121 3896 278 3960 librorum
309 3895 467 3959 rariorum
498 3891 866 3976 possessoribus—mihi
900 3891 1088 3973 persuaderi
1118 3910 1184 3954 non
1214 3911 1352 3974 possum

121 4050 242 4094 nomen
283 4030 372 4093 docti
408 4037 441 4092 et
471 4028 549 4091 clari
584 4027 712 4091 domini
743 4025 903 4090 Willelmi
936 4024 1073 4088 Ioannis
1100 4024 1190 4087 Blew
1219 4024 1352 4089 silentio

122 4163 514 4245 praetermittere-sive
574 4161 853 4226 Bibliotlrecarum
906 4159 1121 4242 praesidibus,
1162 4159 1230 4222 sive
1279 4161 1353 4224 aliis
