2962 4890
480 1165 981 1249 PRAEFATIO.
1215 1111 1218 1119 ¹

671 1494 808 1521 —000—

215 1760 429 1844 UIDQUID
461 1781 504 1824 ex
534 1761 806 1844 occupationibus
830 1762 913 1826 meis
943 1763 1035 1845 rapui
1060 1762 1252 1846 furatusque
1277 1782 1351 1827 sum

125 1759 209 1959 Q
259 1895 317 1957 otii
355 1894 517 1958 decennio
555 1895 706 1977 proxime
740 1895 863 1978 elapso,
900 1896 934 1960 id
972 1915 1057 1979 pene
1096 1904 1206 1961 totum
1243 1917 1352 1961 rerum

121 2028 347 2110 liturgicarum
374 2030 487 2094 studio
510 2031 667 2112 impendi.
712 2031 838 2095 Molem
865 2051 932 2094 non
961 2031 1126 2096 modicam
1155 2032 1353 2096 Kalendari·

119 2182 226 2240 orum,
272 2164 496 2247 Hymnorum‚
523 2165 788 2248 Sequentiarum‚
818 2173 851 2230 et
877 2165 1096 2230 Rubricatum
1122 2166 1239 2230 sedula
1266 2185 1353 2242 cura,

124 2305 197 2362 tum
245 2317 289 2361 ex
330 2299 420 2363 libris
465 2300 641 2381 impressis,
679 2309 751 2363 tum
804 2319 848 2363 ex
904 2301 1144 2383 manuscriptis,
1192 2301 1354 2383 excerpsi.

122 2430 223 2514 Quod
278 2443 388 2498 mente
444 2434 640 2516 iampridem
685 2434 806 2499 insedit
855 2435 918 2498 hoc
969 2437 1177 2519 experientia
1223 2436 1354 2501 diutina

119 2567 219 2649 plene
266 2567 483 2646 confirmavit,
523 2587 653 2650 nempe,
700 2568 800 2651 quod,
844 2569 915 2632 sine
972 2568 1128 2633 librorum
1184 2569 1352 2634 ritualium

120 2703 286 2785 catalogo,
313 2724 428 2786 parum
455 2704 540 2768 lelici
571 2723 723 2767 successu
753 2703 878 2786 aliquid
904 2702 1093 2768 absolutum
1120 2701 1172 2766 vel
1197 2702 1239 2766 de
1263 2702 1353 2766 cultu

122 2837 267 2900 cuiusvis
321 2837 445 2914 Sancti,
507 2836 559 2900 vel
615 2838 657 2900 de
705 2838 805 2901 sacris
858 2837 1074 2901 caeremoniis
1122 2839 1155 2901 in
1201 2837 1354 2920 Liturgia

123 2970 331 3047 celebranda,
365 2973 398 3034 in
434 2971 724 3036 Sacramentorum
760 2970 1045 3035 administratione
1080 2979 1138 3034 aut
1177 2971 1354 3038 Canonicis

125 3106 229 3171 Horis
252 3106 478 3188 persolvendis
510 3106 649 3181 usitatis,
670 3105 832 3168 evaderet
877 3103 934 3167 Ad
960 3104 1045 3168 hanc
1072 3123 1207 3186 operam
1232 3104 1354 3186 itaque,

122 3244 321 3307 laboriosam
352 3263 440 3318 sane,
467 3241 562 3305 multi
592 3241 751 3322 temporis
777 3241 953 3322 dispendio
980 3238 1153 3321 longisque
1182 3239 1354 3305 itineribus

123 3376 338 3458 indigentem,
362 3397 414 3439 rnc
434 3378 572 3440 accinxi.
619 3375 731 3439 Hodie
751 3373 991 3438 Ecclesiasticae
1014 3371 1235 3456 Antiquitatis
1252 3377 1354 3440 studi-

123 3513 192 3575 osis
231 3511 381 3575 laborum
419 3530 567 3574 meorum
606 3510 748 3574 lructum
784 3507 897 3585 offero,
932 3508 1132 3592 Catalogum
1178 3530 1267 3588 sane,
1298 3513 1353 3594 qui

122 3646 273 3710 omnium
320 3644 541 3708 Ecclesiarum
578 3643 832 3708 occidentalium
874 3653 908 3707 et
952 3644 1117 3710 Ordinum
1157 3647 1354 3730 regularium

125 3778 275 3842 Missalia
305 3777 348 3841 ab
377 3797 465 3840 anno
507 3791 585 3857 1475
618 3797 722 3859 usque
760 3778 803 3840 ad
827 3777 911 3840 hanc
937 3777 1026 3841 diem
1050 3778 1219 3861 impressa,
1249 3781 1356 3845 varias
1413 3814 1416 3818 ⁴

124 3932 238 3976 eorum
259 3912 430 3987 editiones,
445 3910 518 3975 libri
542 3911 796 3994 uniuscuiusque
826 3911 976 3989 formam,
991 3911 1144 3975 loliorum
1172 3933 1356 3991 numerum,

125 4060 247 4104 nomen
278 4039 488 4123 typographi,
511 4039 620 4102 locum
650 4046 684 4103 et
713 4057 838 4102 annum
869 4037 1101 4120 impressionis,
1135 4038 1356 4104 Bibliothecae

126 4176 274 4259 publicas
301 4178 334 4238 in
364 4175 485 4258 quibus
515 4184 723 4238 asservantur
746 4174 959 4255 exemplaria,
986 4184 1019 4237 et
1045 4184 1196 4238 auctores
1231 4178 1287 4258 qui
1314 4178 1357 4241 de
